<mx:record xmlns="http://www.w3.org/TR/xhtml1/strict" xmlns:mx="http://www.loc.gov/MARC21/slim" xmlns:xsi="http://www.w3.org/2001/XMLSchema-instance"><mx:leader>00000cz   2200000n  4500</mx:leader><mx:controlfield tag="001">oca04533293 </mx:controlfield><mx:controlfield tag="005">20001121070304.0</mx:controlfield><mx:controlfield tag="008">971112n| acannaabn          |a aaa      </mx:controlfield><mx:datafield ind1=" " ind2=" " tag="010"><mx:subfield code="a">n  97113630 </mx:subfield></mx:datafield><mx:datafield ind1=" " ind2=" " tag="040"><mx:subfield code="a">DLC</mx:subfield><mx:subfield code="b">eng</mx:subfield><mx:subfield code="c">DLC</mx:subfield><mx:subfield code="d">OCoLC</mx:subfield></mx:datafield><mx:datafield ind1="1" ind2=" " tag="100"><mx:subfield code="a">Melissus, Paulus,</mx:subfield><mx:subfield code="d">1539-1602</mx:subfield></mx:datafield><mx:datafield ind1="1" ind2=" " tag="400"><mx:subfield code="a">Melissus, Paul,</mx:subfield><mx:subfield code="d">1539-1602</mx:subfield><mx:subfield code="w">nna</mx:subfield></mx:datafield><mx:datafield ind1="1" ind2=" " tag="400"><mx:subfield code="a">Melissus Schedius, Paulus,</mx:subfield><mx:subfield code="d">1539-1602</mx:subfield></mx:datafield><mx:datafield ind1="1" ind2=" " tag="400"><mx:subfield code="a">Melissus Schede, Paulus,</mx:subfield><mx:subfield code="d">1539-1602</mx:subfield></mx:datafield><mx:datafield ind1="1" ind2=" " tag="400"><mx:subfield code="a">Schede, Paul,</mx:subfield><mx:subfield code="d">1539-1602</mx:subfield></mx:datafield><mx:datafield ind1="1" ind2=" " tag="400"><mx:subfield code="a">Schede Melissus, Paul,</mx:subfield><mx:subfield code="d">1539-1602</mx:subfield></mx:datafield><mx:datafield ind1="1" ind2=" " tag="400"><mx:subfield code="a">Schede Melissus, Paulus,</mx:subfield><mx:subfield code="d">1539-1602</mx:subfield></mx:datafield><mx:datafield ind1="1" ind2=" " tag="400"><mx:subfield code="a">Schedius Melissus, Paulus,</mx:subfield><mx:subfield code="d">1539-1602</mx:subfield></mx:datafield><mx:datafield ind1=" " ind2=" " tag="670"><mx:subfield code="a">Kronborg motetterne, c1990:</mx:subfield><mx:subfield code="b">p. 78 (facsim. of signature: Paulus Melissus) p. 80 (Paulus Melissus Schede)</mx:subfield></mx:datafield><mx:datafield ind1=" " ind2=" " tag="670"><mx:subfield code="a">LC manual auth. card</mx:subfield><mx:subfield code="b">(hdg.: Melissus, Paul, 1539-1602)</mx:subfield></mx:datafield><mx:datafield ind1=" " ind2=" " tag="670"><mx:subfield code="a">Deutsches Literatur-Lexikon</mx:subfield><mx:subfield code="b">(Melissus, Paulus (eig. Paul(us) Schede (Schedius), b. Dec. 20, 1539, d. Feb. 3, 1602)</mx:subfield></mx:datafield><mx:datafield ind1=" " ind2=" " tag="670"><mx:subfield code="a">Goedeke</mx:subfield><mx:subfield code="b">(Paulus Melissus Schede [Paulus Melissus in bold])</mx:subfield></mx:datafield><mx:datafield ind1=" " ind2=" " tag="670"><mx:subfield code="a">Literatur Lexikon</mx:subfield><mx:subfield code="b">(Schede, Paul; Latin forms: Paulus Schedius Melissus, Paulus Melissus Schedius, and principally Paulus Melissus)</mx:subfield></mx:datafield><mx:datafield ind1=" " ind2=" " tag="670"><mx:subfield code="a">NUC pre-56</mx:subfield><mx:subfield code="b">(usage: Paul Schede Melissus, Paulli Melissi, Paulus Melissus, and various grammatically integrated Latin forms)</mx:subfield></mx:datafield><mx:datafield ind1=" " ind2=" " tag="999"><mx:subfield code="a">18</mx:subfield></mx:datafield></mx:record>